% ГОСТ Р 7.0.11-2011, Приложение Б, Книги

@ARTICLE{boriskinetal:efficient,
  author = {Boriskin, A. V and Balaban, M. V and Galan, O. Yu and Sauleau, R},
  title = {Efficient approach for fast synthesis of phased arrays with the aid of a hybrid genetic algorithm and a smart feed representation},
  journal = {2010 IEEE International Symposium on Phased Array Systems and Technology},
  year = {2010},
  pages = {827--832},
  language = {english}
}

@article{das:de,
    author = {Das, S and Suganthan, P.N},
    journal = {IEEE transactions on evolutionary computation},
    number = {1},
    pages = {4--31},
    publisher = {IEEE},
    title = {Differential evolution: A survey of the state-of-the-art},
    volume = {15},
    year = {2011},
    language = {english}
}

@ARTICLE{yurkov:symmetry,
  author = {Eremeev, A. V and Yurkov, A. S},
  title = {On Symmetry Groups of Some Quadratic Programming Problems},
  journal = {Mathematical Optimization Theory and Operations Research. Proc. 19th Int. Conf. MOTOR 2020 (Novosibirsk, Russia, July 6–10,
2020). Springer, LNCS},
  year = {2020},
  publisher = {Springer},
  volume = {12095},
  language = {english},
  pages = {35--48},
}

@ARTICLE{fuchs:application,
  author = {Fuchs, B},
  title = {Application of convex relaxation to array synthesis problems},
  journal = {IEEE Transactions on Antennas and Propagation},
  year = {2014},
  number = {2},
  volume = {62},
  pages = {634--640},
  language = {english}
}

@BOOK{horst:handbook,
  author = {Horst, R and Pardalos, P. M},
  title = {Handbook of global optimization},
  publisher = {Springer Science \& Business Media},
  year = {2013},
  volume = {2},
  language = {english}
}

@ARTICLE{indenbometal:synthesis,
  author = {Indenbom, M and Izhutkin, V and Sharapov, A and Zonov, A},
  title = {Synthesis of Conical Phased Antenna Arrays Optimization of Amplitude Distribution Parameters},
  journal = {IX International Conference on Optimization and Applications (OPTIMA 2018)},
  year = {2018},
  pages = {273--285},
  language = {english}
}

@Article{Kolokolov2012,
    author={Kolokolov, A. A
    and Orlovskaya, T. G
    and Rybalka, M. F},
    title={Analysis of integer programming algorithms with L-partition and unimodular transformations},
    journal={Automation and Remote Control},
    year={2012},
    volume={73},
    number={2},
    pages={369--380},
    language = {english}
}

@Article{KWM19,
    AUTHOR = {Kouyialis, Georgia and Wang, Xiaoyu and Misener, Ruth},
    TITLE = {Symmetry Detection for Quadratic Optimization Using Binary Layered Graphs},
    JOURNAL = {Processes},
    VOLUME = {7},
    YEAR = {2019},
    NUMBER = {11},
    ISSN = {2227-9717},
    language = {english}
}

@Article{L12,
    AUTHOR = {Leo Liberti},
    TITLE = {Reformulations in mathematical programming: automatic symmetry detection and exploitation},
    JOURNAL = {Mathematical Programming},
    VOLUME = {131},
    YEAR = {2012},
    ISSUE = {1-2},
    language = {english}
}

@ARTICLE{murty:np,
  author = {Murty, K},
  title = {Some NP-complete Problems in Quadratic and Nonlinear Programming},
  journal = {Mathematical Programming. North Holand},
  year = {1987},
  volume = {39},
  pages = {117--129},
  language = {english}
}

@article{nelder:simplex,
    author = {Nelder, J.A, and Mead, R},
    journal = {The computer journal},
    number = {4},
    pages = {308--311},
    publisher = {IEEE},
    title = {A simplex method for function minimization},
    volume = {7},
    year = {1965},
    language = {english}
}

@article{price:global,
    author = {Price, W},
    journal = {The computer journal},
    number = {3},
    pages = {333--348},
    publisher = {IEEE},
    title = {Journal of Optimization Theory and Applications},
    volume = {40},
    year = {1983},
    language = {english}
}

@ARTICLE{rao:synthesis,
  author = {Rao, A and Sarma, N},
  title = {Synthesis of reconfigurable antenna array using differential evolution algorithm},
  journal = {IETE Journal of Research},
  year = {2017},
  volume = {63},
  number = {3},
  pages = {428-434},
  publisher = {Taylor & Francis},
  language = {russian}
}

@ARTICLE{storn:de,
  author = {Storn, R and Price, K},
  title = {Differential evolution--a simple and efficient heuristic for global optimization over continuous spaces},
  journal = {Journal of global optimization. Springer},
  year = {1997},
  number = {4},
  volume = {11},
  pages = {341--359},
  language = {english}
}

@BOOK{storn:de_practical,
  author = {Price, K. V and Storn, R. M and Lampinen, J. A},
  title = {Differential Evolution. A Practical Approach to Global Optimization},
  publisher = {Springer},
  year = {2005},
  language = {english}
}

@ARTICLE{kochetov:local,
  author = {Кочетов, Ю. А},
  title = {Вычислительные возможности локального поиска в комбинаторной оптимизации},
  journal = {Ж. вычисл. матем. и матем. физ.},
  year = {2008},
  volume = {48},
  number = {5},
  pages = {747--763},
  language = {russian}
}

@ARTICLE{nechaeva:bandb,
  author = {Нечаева, М. С and Хамисов, О. В},
  title = {Метод ветвей и границ для задачи минимизации невыпуклой квадратичной функции при выпуклых квадратичных ограничениях},
  journal = {Дискретн. анализ и исслед. опер.},
  year = {2000},
  volume = {7},
  number = {2},
  pages = {74--88},
  language = {russian}
}

@ARTICLE{strekalovsky:mindc,
  author = {Стрекаловский, А. С.},
  title = {О минимизации разности выпуклых функций на допустимом множестве},
  journal = {Ж. вычисл. матем. и матем. физ.},
  year = {2003},
  volume = {43},
  number = {3},
  pages = {399--409},
  language = {russian}
}

@article{tyunin:daor,
  title={Задачи невыпуклого квадратичного программирования, связанные с оптимизацией фазированных антенных решёток},
  author={Тюнин, Н.Н},
  journal={ДАИО},
  volume={28},
  number={3},
  pages={65--89},
  year={2021}
}

@ARTICLE{kudin2014,
  author = {Фаняев, И. А and Кудин, В. П},
  title = {Фазированная антенная решетка кругового обзора над проводящей цилиндрической поверхностью из излучателей вертикальной поляризации},
  journal = {Известия Гомельского государственного университета имени Ф. Скорины. Сер.: Естественные науки.},
  year = {2014},
  pages = {191--198},
  language = {russian}
}

@ARTICLE{fanyaev2017,
  author = {Фаняев, И. А and Кудин, В. П.},
  title = {Синтез амплитудного распределения на входах излучателей фазированной антенной решетки над цилиндрической поверхностью методом роя частиц},
  journal = {Доклады БГУИР},
  year = {2017},
  pages = {89--96},
  language = {russian}
}

@BOOK{schelkunov:antenny,
  author = {Щелкунов, С. А. and Фрис, Г},
  title = {Антенны: Теория и практика},
  year = {1955},
  publisher = {М:Советское радио},
  language = {russian}
}

@BOOK{yurkov:farkv,
  author = {Юрков, A. С},
  title = {Оптимизация возбуждения передающих фазированных антенных решеток декаметрового диапазона длин волн},
  year = {2014},
  publisher = {ОНИИП},
  language = {russian}
}

@ARTICLE{yurkov:knd,
  author = {Юрков, A. С},
  title = {Максимизация направленности фазированных антенных решеток коротковолнового диапазона},
  journal = {Техника радиосвязи. ОНИИП},
  year = {2016},
  number = {2},
  pages = {46--53},
  language = {russian}
}
