
@ARTICLE{tyu:daor,
  author = {Тюнин, Н. Н.},
  title = {Задачи невыпуклого квадратичного программирования, связанные с оптимизацией фазированных антенных решеток},
  journal = {Дискретный анализ и исследование операций},
  year = {2021},
  volume = {28},
  number = {3},
  pages = {20--44},
  language = {russian},
  authorvak = {true},
  addendum = {(ВАК)},
}

@ARTICLE{tyu22:ring,
  author = {Еремеев, А. В. and Тюнин, Н. Н. and Юрков, А. С.},
  title = {Об оптимизации направленности коротковолновых фазированных антенных решеток кольцевой структуры},
  journal = {Научно-технический сборник <<Техника радиосвязи>>},
  year = {2022},
  note={Принята в печать.},
  language = {russian},
}


@article{tyunin:oniip,
  title={Об оптимизации направленности коротковолновых фазированных антенных решеток кольцевой структуры},
  author={Тюнин, Н.Н},
  journal={Техника радиосвязи},
  publisher={ОНИИП},
  year={2022}
}

@ARTICLE{tyu:jphys,
  author = {Tyunin, N. N.},
  title = {On mutual influence of emitters in directivity optimization of shortwave phased antenna arrays},
  journal = {Journal of Physics: Conference Series},
  year = {2021},
  volume = {1901},
  number = {012053},
  pages = {1--8},
  language = {english},
  authorvak = {true},
  addendum = {(ВАК)},
}

@inproceedings{tyu:fmh,
  author = {Тюнин, Н. Н.},
  title = {Невыпуклые задачи квадратичного программирования в оптимизации коротковолновых антенных решеток},
  booktitle = {ФМХ ОмГУ - 2019. Cборник статей VII Региональной конференции магистрантов, аспирантов и молодых ученых по физике, математике и химии},
  year = {2020},
  language = {russian},
  pages = {48--52}
}

@inproceedings{tyu:reis,
  author = {Еремеев, А. В. and Тюнин, Н. Н. and Юрков, А. С.},
  title = {Исследование одной задачи квадратичного программирования в оптимизации коротковолновых антенных решеток},
  booktitle = {Радиотехника, электроника и связь. Сборник докладов V Международной научно-технической конференции},
  year = {2019},
  language = {russian},
  pages = {171--174}
}


@inproceedings{tyu:opta,
  author = {Еремеев, А. В. and Тюнин, Н. Н. and Юрков, А. С.},
  title = {О структуре множества локальных оптимумов задачи оптимизации фазированных антенных решеток},
  booktitle = {Сборник тезисов VII Международной конференции «Проблемы оптимизации и их приложения»},
  year = {2018},
  language = {russian}
}

@inproceedings{tyu:motor,
  author = {Eremeev, A. V. and Tyunin, N. N. and Yurkov, A. S.},
  title = {Non-Convex Quadratic Programming Problems in Short Wave Antenna Array Optimization},
  booktitle = {Khachay M., Kochetov Y., Pardalos P. (eds) Mathematical Optimization Theory and Operations Research. MOTOR 2019. Lecture Notes in Computer Science},
  year = {2019},
  language = {english},
  pages = {34--45},
  authorvak = {true},
  addendum = {(ВАК)},
}

@ARTICLE{tyu:de_sym,
  author = {Еремеев, А. В. and Тюнин, Н. Н.},
  title = {Алгоритм дифференциальной эволюции для оптимизации направленности фазированных антенных решеток},
  year = {2022},
  language = {russian},
  journal = {PREPRINTS.RU},
  url  = {https://doi.org/10.24108/preprints-3112476},
  addendum = {(accessed: 29.08.2022)}
}

@ARTICLE{tyu:de_MOTOR,
  author = {Eremeev A., and Tiunin N.},
  title = {Differential evolution for short wave antenna array optimization},
  year = {2022},
  language = {english},
  journal = {MOTOR 2022: Mathematical Optimization Theory and Operations Research},
  url  = {https://easychair.org/smart-program/MOTOR2022/2022-07-04.html#talk:195757 },
  addendum = {(accessed: 29.08.2022)}
}
