% ГОСТ Р 7.0.11-2011, Приложение Б, Книги

@ARTICLE{eremeev:confidence,
  author = {Еремеев, А. В. and Ривс, K. Р.},
  title = {О доверительных интервалах для числа локальных оптимумов},
  journal = {Математические структуры и моделирование},
  year = {2017},
  volume = {41},
  pages = {55--74},
  language = {russian}
}

@ARTICLE{eremeev:complexity,
  author = {Dolgui, A. and Eremeev, А. and Kovalyov, M. and Sigaev V.},
  title = {Complexity of buffer capacity allocation problems for production lines with unreliable machines},
  journal = {Journal of Mathematical Modelling and Algorithms in Operations Research},
  year = {2013},
  volume = {12},
  number = {2},
  pages = {155--165},
  language = {english}
}

@ARTICLE{kochetov:local,
  author = {Кочетов, Ю. А.},
  title = {Вычислительные возможности локального поиска в комбинаторной оптимизации},
  journal = {Ж. вычисл. матем. и матем. физ.},
  year = {2008},
  volume = {48},
  number = {5},
  pages = {747--763},
  language = {russian}
}

@ARTICLE{nechaeva:bandb,
  author = {Нечаева, М. С. and Хамисов, О. В.},
  title = {Метод ветвей и границ для задачи минимизации невыпуклой квадратичной функции при выпуклых квадратичных ограничениях},
  journal = {Дискретн. анализ и исслед. опер.},
  year = {2000},
  volume = {7},
  number = {2},
  pages = {74--88},
  language = {russian}
}

@ARTICLE{strekalovsky:mindc,
  author = {Стрекаловский, А. С.},
  title = {О минимизации разности выпуклых функций на допустимом множестве},
  journal = {Ж. вычисл. матем. и матем. физ.},
  year = {2003},
  volume = {43},
  number = {3},
  pages = {399--409},
  language = {russian}
}

@ARTICLE{rao:synthesis,
  author = {Rao, A. and Sarma, N.},
  title = {Synthesis of reconfigurable antenna array using differential evolution algorithm},
  journal = {IETE Journal of Research},
  year = {2017},
  volume = {63},
  number = {3},
  pages = {428-434},
  publisher = {Taylor & Francis},
  language = {russian}
}

@BOOK{eremin:convex,
  author = {Еремин, B. B. and Астафьев Н. Н.},
  title = {Введение в теорию линейного и выпуклого программирования},
  publisher = {Наука},
  year = {1976},
  numpages = {192},
  language = {russian}
}

@BOOK{nesterov:nonconvex,
  author = {Нестеров, Ю. E.},
  title = {Введение в выпуклую оптимизацию},
  publisher = {M:МЦНМО},
  year = {2010},
  numpages = {70},
  language = {russian}
}

@BOOK{sazonov:PAA,
  author = {Сазонов, Д. М.},
  title = {Антенны и устройства СВЧ},
  publisher = {М:Высш.шк.},
  year = {1988},
  language = {russian}
}

@ARTICLE{yurkov:knd,
  author = {Юрков, A. С.},
  title = {Максимизация направленности фазированных антенных решеток коротковолнового диапазона},
  journal = {Техника радиосвязи. ОНИИП},
  year = {2016},
  number = {2},
  pages = {46--53},
  language = {russian}
}

@ARTICLE{yurkov:groundloss,
  author = {Юрков, A. С.},
  title = {О влиянии потерь в земле на работу четырехэлементной ФАР КВ диапазона},
  journal = {Техника радиосвязи. ОНИИП},
  year = {2014},
  number = {1},
  pages = {78--81},
  language = {russian}
}

@BOOK{yurkov:farkv,
  author = {Юрков, A. С.},
  title = {Оптимизация возбуждения передающих фазированных антенных решеток декаметрового диапазона длин волн},
  year = {2014},
  publisher = {ОНИИП},
  language = {russian}
}

@ARTICLE{luo:sdp,
  author = {Luo, Z. and Chang, T.},
  title = {SDP relaxation of homogeneousquadratic optimization: approximationbounds and applications},
  journal = {Convex Optimization in Signal Processing and Communications},
  year = {2009},
  pages = {117--165},
  language = {english}
}

@ARTICLE{villegasetal:parallel,
  author = {Akdagli, A. and Guney, K.},
  title = {Parallel genetic-algorithm optimization of shaped beam coverage areas using planar 2-D phased arrays},
  journal = {IEEE Transactions on Antennas and Propagation},
  year = {2007},
  number = {6},
  volume = {55},
  pages = {1745--1753},
  language = {english}
}

@ARTICLE{akdaglietal:shaped,
  author = {Akdagli, A. and Guney, K.},
  title = {Shaped-beam pattern synthesis of equally and unequally spaced linear antenna arrays using a modified tabu search algorithm},
  journal = {Microwave and Optical Technology Letters. Wiley Online Library},
  year = {2003},
  number = {1},
  volume = {36},
  pages = {16--20},
  language = {english}
}

@BOOK{aoki:mo,
  author = {Aoki, M.},
  title = {Introduction to optimization techniques. Fundamentals and applications of nonlinear programming},
  publisher = {California Univ Los Angeles dept of system science},
  year = {1971},
  language = {english}
}

@ARTICLE{boriskinetal:efficient,
  author = {Boriskin, A. V. and Balaban, M. V. and Galan, O. Yu. and Sauleau, R.},
  title = {Efficient approach for fast synthesis of phased arrays with the aid of a hybrid genetic algorithm and a smart feed representation},
  journal = {2010 IEEE International Symposium on Phased Array Systems and Technology},
  year = {2010},
  pages = {827--832},
  language = {english}
}

@online{bruke:nec2,
  title={Numerical Electromagnics Code},
  author={Burke, J. J. and Poggio, A. J.},
  medium={Электронный ресурс},
  url = {https://www.nec2.org/},
  urldate = {26.04.2022},
  language = {english}
}

@InProceedings{eberhart:swarm,
  author =       {Eberhart, R. and Kennedy, J.},
  title =        {Particle swarm optimization},
  booktitle =    {Proceedings of the IEEE international conference on neural networks},
  pages =        {1942--1948},
  language =     {english},
  publisher =    {IEEE},
  volume =       {4},
  year =         1995,
}

@ARTICLE{echevesteatal:shaped,
  author = {Echeveste, J. I. and de Aza, M. G. and Zapata, J.},
  title = {Shaped beam synthesis of real antenna arrays via finite-element method, floquet modal analysis, and convex programming},
  journal = {IEEE Transactions on Antennas and Propagation},
  year = {2016},
  number = {4},
  volume = {64},
  pages = {1279--1286},
  language = {english}
}

@ARTICLE{yurkov:symmetry,
  author = {Eremeev, A. V. and Yurkov A. S.},
  title = {On Symmetry Groups of Some Quadratic Programming Problems},
  journal = {MOTOR 2020. Shpringer},
  year = {2020},
  volume = {12095},
  language = {english}
}

@ARTICLE{fuchs:application,
  author = {Fuchs, B.},
  title = {Application of convex relaxation to array synthesis problems},
  journal = {IEEE Transactions on Antennas and Propagation},
  year = {2014},
  number = {2},
  volume = {62},
  pages = {634--640},
  language = {english}
}

@BOOK{hansen:PAA,
  author = {Hansen, R. C.},
  title = {Phased array antennas},
  publisher = {John Wiley \& Sons},
  year = {2009},
  volume = {213},
  language = {english}
}

@BOOK{himmelblau:nlp,
  author = {Himmelblau, D. M.},
  title = {Applied nonlinear programming},
  publisher = {McGraw-Hill Companies},
  year = {1972},
  language = {english}
}

@BOOK{horst:handbook,
  author = {Horst, R. and Pardalos, P. M.},
  title = {Handbook of global optimization},
  publisher = {Springer Science \& Business Media},
  year = {2013},
  volume = {2},
  language = {english}
}

@BOOK{horst:global,
  author = {Horst, R. and Tyu, H.},
  title = {Global optimization: Deterministic approaches},
  publisher = {Springer Science \& Business Media},
  year = {2013},
  pages = {551--566},
  language = {english}
}

@BOOK{horn:matrix,
  author = {Horn, R. A. and Johnson, Ch. R.},
  title = {Matrix analysis},
  publisher = {Cambridge University Press},
  year = {1990},
  language = {english}
}

@ARTICLE{indenbometal:synthesis,
  author = {Indenbom, M. and Izhutkin, V. and Sharapov, A. and Zonov, A.},
  title = {Synthesis of Conical Phased Antenna Arrays Optimization of Amplitude Distribution Parameters},
  journal = {IX International Conference on Optimization and Applications (OPTIMA 2018)},
  year = {2018},
  pages = {273--285},
  language = {english}
}

@BOOK{schelkunov:antenny,
  author = {Щелкунов, С. А. and Фрис, Г.},
  title = {Антенны: Теория и практика.},
  publisher = {М:Советское радио},
  year = {1955},
  language = {russian}
}

@ARTICLE{fanyaev2017,
  author = {Фаняев, И. А. and Кудин, В. П.},
  title = {Синтез амплитудного распределения на входах излучателей фазированной антенной решетки над цилиндрической поверхностью методом роя частиц},
  journal = {Доклады БГУИР},
  year = {2017},
  pages = {89--96},
  language = {russian}
}

@ARTICLE{kudin2014,
  author = {Фаняев, И. А. and Кудин, В. П.},
  title = {Фазированная антенная решетка кругового обзора над проводящей цилиндрической поверхностью из излучателей вертикальной поляризации},
  journal = {Известия Гомельского государственного университета имени Ф. Скорины. Сер.: Естественные науки.},
  year = {2014},
  pages = {191--198},
  language = {russian}
}

@ARTICLE{kudzinetal:compact,
  author = {Kudzin, V. P. and Lozovsky, V. N. and Shlyk, N. I.},
  title = {The compact linear antenna array system of the short-wave band consisting of ``butterfly'' radiators},
  journal = {2013 IX Internatioal Conference on Antenna Theory and Techniques. IEEE},
  year = {2013},
  pages = {252--253},
  language = {english}
}

@ARTICLE{murty:np,
  author = {Murty, K.},
  title = {Some NP-complete Problems in Quadratic and Nonlinear Programming},
  journal = {Mathematical Programming. North Holand},
  year = {1987},
  volume = {39},
  pages = {117--129},
  language = {english}
}

@ARTICLE{noguchi:de,
  author = {Noguchi, H. and Tomohiro, H. and Thawonmas, R.},
  title = {Parallel Differential Evolution Applied to Interleaving Generation with Precedence Evaluation of Tentative Solutions},
  journal = { 2021 Genetic and Evolutionary Computation Conference (GECCO ’21)},
  year = {2021},
  language = {english}
}


@ARTICLE{obuhovets:antenna,
  author = {Obukhovets\;V\;A.},
  title = {Antenna array iterative synthesis algorithm},
  journal = {2017 Radiation and Scattering of Electromagnetic Waves (RSEMW)},
  year = {2017},
  pages = {58--60},
  language = {english}
}

@ARTICLE{ryoo:nlp,
  author = {Ryoo, H. S. and Sahinidis, N. V.},
  title = {Global Optimization of Nonconvex NLPs and MINLPs with Applications in Process Design},
  journal = {Computers and Chem. Engng. Pergamon},
  year = {1995},
  number = {5},
  volume = {19},
  pages = {551--566},
  language = {english}
}

@ARTICLE{storn:de,
  author = {Storn, R. and Price, K.},
  title = {Differential evolution--a simple and efficient heuristic for global optimization over continuous spaces},
  journal = {Journal of global optimization. Springer},
  year = {1997},
  number = {4},
  volume = {11},
  pages = {341--359},
  language = {english}
}

@ARTICLE{strekalovsky:global,
  author = {Strekalovsky, A. S.},
  title = {Global optimality conditions in nonconvex optimization},
  journal = {Journal of Optimization Theory and Applications. Springer},
  year = {2007},
  number = {3},
  volume = {173},
  pages = {770--792},
  language = {english}
}

@ARTICLE{tawarmalani:global,
  author = {Tawarmalani, M. and Sahinidis, N. V.},
  title = {Global optimization of mixed-integer nonlinear programs: A theoretical and computational study},
  journal = {Mathematical programming. Springer},
  year = {2004},
  number = {3},
  volume = {99},
  pages = {563--591},
  language = {english}
}

@ARTICLE{wilensky:highpower,
  author = {Wilensky, R.},
  title = {High-power, broad-bandwidth HF dipole curtain array with extensive vertical and azimuthal beam control},
  journal = {IEEE transactions on broadcasting. IEEE},
  year = {1988},
  number = {2},
  volume = {34},
  pages = {201--209},
  language = {english}
}

@ARTICLE{yalanetal:design,
  author = {Yin, Ya. and Deng, J.},
  title = {Design of Short Wave Communication System with Phased Array Antenna},
  journal = {Electronic Engineer},
  year = {2007},
  number = {9},
  volume = {33},
  pages = {31--33},
  language = {chinese}
}
