@Patent{expi,
  heading =      {Свидетельство о гос. регистрации программы для {ЭВМ}},
  author =       {Тюнин, Н. Н.},
  title =        {Комплекс моделирования и решения задач оптимизации направленности ФАР КВ диапазона <<Expi>>},
  reqnumber =    2022666016,
  publdate =     {2022-08-24},
  date =         {2022-07-05},
  prnumber =     2022662647,
  prcountry =    {countryru},
  language =     {russian},
  authorprogram ={yes},
}
